<?xml version="1.0" encoding="UTF-8"?><collection xmlns="http://www.loc.gov/MARC21/slim"><record><leader>00786nam--2200205-i-4500</leader><controlfield tag="001">000024248</controlfield><controlfield tag="002">20161230</controlfield><controlfield tag="005">20161230201035</controlfield><controlfield tag="008">060222s1000------------r-----000-0-eng-d</controlfield><datafield ind1=" " ind2=" " tag="020"><subfield code="a">3540118780</subfield></datafield><datafield ind1=" " ind2=" " tag="040"><subfield code="a">IFIN-HH</subfield></datafield><datafield ind1=" " ind2=" " tag="080"><subfield code="a">533.924:621.039.647(061.3)</subfield></datafield><datafield ind1="1" ind2=" " tag="100"><subfield code="a">Ryssel, H</subfield></datafield><datafield ind1="1" ind2="0" tag="245"><subfield code="a">Ion implantation techniques</subfield><subfield code="b">Lectures given at the ion implantation school in connection with the fourth international conference on ion implantation: equipment and techniques berchtesgaden, fed. rep. of germany, september 13-15, 1982</subfield><subfield code="c">H. ryssel, h. glawischnig (eds.)</subfield></datafield><datafield ind1=" " ind2=" " tag="260"><subfield code="a">Berlin</subfield><subfield code="b">Springer-verlag</subfield><subfield code="c">1982</subfield></datafield><datafield ind1=" " ind2=" " tag="300"><subfield code="a">XII+372P</subfield></datafield><datafield ind1=" " ind2=" " tag="490"><subfield code="a">Springer Series In Electrophysics</subfield><subfield code="v">Volume 10</subfield></datafield><datafield ind1="1" ind2=" " tag="700"><subfield code="a">Glawischnig, H</subfield></datafield><datafield ind1=" " ind2=" " tag="852"><subfield code="a">46525</subfield><subfield code="c">537.533</subfield></datafield><datafield ind1=" " ind2=" " tag="CAT"><subfield code="a">Sys</subfield><subfield code="c">20110830</subfield><subfield code="h">115618</subfield></datafield></record></collection>